
@online{footystats,
  title = {Premier League statistics},
  author = {Footystats},
  url = {https://footystats.org},
%  urldate = {a}
}

@online{weather,
    title = {Weather API},  
    author = {Visual Crossing},  
    url = {https://www.visualcrossing.com},   
%    urldate = {Use the date of access}
}